<?xml version="1.0" encoding="UTF-8"?><collection xmlns="http://www.loc.gov/MARC21/slim"><record><leader>00328nam--2200121-i-4500</leader><controlfield tag="001">000006284</controlfield><controlfield tag="002">20161230</controlfield><controlfield tag="005">20161230201026</controlfield><controlfield tag="008">060222s1000------------r-----000-0-eng-d</controlfield><datafield ind1=" " ind2=" " tag="245"><subfield code="a">Developments in inorganic polymer chemistry</subfield></datafield><datafield ind1=" " ind2=" " tag="260"><subfield code="a">Amsterdam, Elsevier Publ.Co., 1962</subfield></datafield><datafield ind1=" " ind2=" " tag="490"><subfield code="a">Xi+305p</subfield></datafield><datafield ind1=" " ind2=" " tag="700"><subfield code="a">Lappert, M.F.And Leich, G.J</subfield></datafield></record></collection>